@article{KRUTH,
title = "Progress in Additive Manufacturing and Rapid Prototyping",
journal = "CIRP Annals - Manufacturing Technology",
volume = "47",
number = "2",
pages = "525 - 540",
year = "1998",
note = "",
issn = "0007-8506",
doi = "http://dx.doi.org/10.1016/S0007-8506(07)63240-5",
%url = "http://www.sciencedirect.com/science/article/pii/S0007850607632405",
author = "J.-P. Kruth and M.C. Leu and T. Nakagawa",
keywords = "rapid prototyping and manufacturing",
keywords = "additive manufacturing processes"
},
@article{cwig,
title={Could 3D Printing Change the World?}, 
url={http://www.atlanticcouncil.org/publications/reports/could-3d-printing-change-the-world},
publisher={Atlantic Council}, 
author={Campbell, Thomas and Williams, Christopher and Ivanova, Olga and Garrett, Banning},
year={2011}, 
month={Oct}},
@article{Conner,
title = "Making sense of 3-D printing: Creating a map of additive manufacturing products and services ",
journal = "Additive Manufacturing ",
volume = "1–4",
number = "",
pages = "64 - 76",
year = "2014",
note = "Inaugural Issue ",
issn = "2214-8604",
doi = "http://dx.doi.org/10.1016/j.addma.2014.08.005",
url = "http://www.sciencedirect.com/science/article/pii/S2214860414000104",
author = "Brett P. Conner and Guha P. Manogharan and Ashley N. Martof and Lauren M. Rodomsky and Caitlyn M. Rodomsky and Dakesha C. Jordan and James W. Limperos",
},
@misc{flaherty,
author={FLAHERTY, JOSEPH},
title={Slick Trick Adds Much-Needed Shine to 3-D Printed Parts},
url={https://www.wired.com/2013/03/3d-print-smoothing/},
urldate={2016-9-26},
journal={Design},
year={2013}
},
@article{sdl, title={Innovations in 3D printing: a 3D overview from optics to organs},
volume={98},
DOI={10.1136/bjophthalmol-2013-304446}, 
number={2}, 
journal={British Journal of Ophthalmology Br J Ophthalmol}, 
author={Schubert, Carl and Langeveld, Mark C Van and Donoso, Larry A}, 
year={2013}, 
pages={159–161}},
@article{dpW, 
title={3D Printers and 3D Printing: Technologies, Processes and Techniques},
url={https://www.sculpteo.com/en/3d-printing/3d-printing-technologies/}, 
journal={How Do 3D Printers Work? Technologies and Techniques}},
@misc{slicing, 
title={General Introduction To 3D Printing},
url={http://clayshieh.com/2014/12/general-introduction-to-3d-printing/},
author={Clay Shieh}, 
year={2014}, 
month={Dec}},
@misc{cuttlefish, 
title={Cuttlefish}, 
url={https://www.cuttlefish.de/}, 
journal={Cuttlefish.de}},
@misc{3DString,
author = {Johannes A{\ss}falg and Karsten M. Borgwardt and Hans-peter Kriegel},
title = {3DString: A Feature String Kernel for 3D Object Classification on Voxelized Data},
year = {2006}},
@misc{DistComp, 
title={A primer on distributed computing.}, 
url={http://www.bacchae.co.uk/docs/dist.html}, 
journal={A primer on distributed computing.}, 
author={Bill P Godfrey}},
@inproceedings{Desai,
 author = {Desai, N. and Bradshaw, R. and Lusk, E. and Butler, R.},
 title = {Component-based Cluster Systems Software Architecture a Case Study},
 booktitle = {Proceedings of the 2004 IEEE International Conference on Cluster Computing},
 series = {CLUSTER '04},
 year = {2004},
 isbn = {0-7803-8694-9},
 pages = {319--326},
 numpages = {8},
 url = {http://dl.acm.org/citation.cfm?id=1111682.1111733},
 acmid = {1111733},
 publisher = {IEEE Computer Society},
 address = {Washington, DC, USA},
},
@misc{rouse, 
title={What is distributed computing? }, 
url={http://whatis.techtarget.com/definition/distributed-computing},
journal={WhatIs.com}, 
author={Rouse, Margaret}, 
year={2015},
month={Jul}},
@book{coulouris, 
place={United States}, 
title={Distributed systems concepts and design}, 
publisher={Academic Internet Publishers}, 
author={Coulouris, George F. and Dollimore, Jean}, 
year={2007}},
@article{Doubrovski,
title = "Voxel-based fabrication through material property mapping: A design method for bitmap printing ",
journal = "Computer-Aided Design ",
volume = "60",
number = "",
pages = "3 - 13",
year = "2015",
note = "Material Ecology ",
issn = "0010-4485",
doi = "http://dx.doi.org/10.1016/j.cad.2014.05.010",
url = "http://www.sciencedirect.com/science/article/pii/S0010448514001067",
author = "E.L. Doubrovski and E.Y. Tsai and D. Dikovsky and J.M.P. Geraedts and H. Herr and N. Oxman",
keywords = "3D printing",
keywords = "Voxels",
keywords = "Additive manufacturing",
keywords = "Digital fabrication",
keywords = "Bitmap printing",
keywords = "Prosthetics "
},
@Inbook{DCE,
author="N{\'e}meth, Zsolt
and Sunderam, Vaidy",
editor="Sloot, Peter M. A.
and Hoekstra, Alfons G.
and Tan, C. J. Kenneth
and Dongarra, Jack J.",
title="A Comparison of Conventional Distributed Computing Environments and Computational Grids",
bookTitle="Computational Science --- ICCS 2002: International Conference Amsterdam, The Netherlands, April 21--24, 2002 Proceedings, Part II",
year="2002",
publisher="Springer Berlin Heidelberg",
address="Berlin, Heidelberg",
pages="729--738",
isbn="978-3-540-46080-0",
doi="10.1007/3-540-46080-2_77",
url="http://dx.doi.org/10.1007/3-540-46080-2_77"
},
@article{Brunton,
 author = {Brunton, Alan and Arikan, Can Ates and Urban, Philipp},
 title = {Pushing the Limits of 3D Color Printing: Error Diffusion with Translucent Materials},
 journal = {ACM Trans. Graph.},
 issue_date = {December 2015},
 volume = {35},
 number = {1},
 month = dec,
 year = {2015},
 issn = {0730-0301},
 pages = {4:1--4:13},
 articleno = {4},
 numpages = {13},
 url = {http://doi.acm.org/10.1145/2832905},
 doi = {10.1145/2832905},
 acmid = {2832905},
 publisher = {ACM},
 address = {New York, NY, USA},
 keywords = {3D color printing, error diffusion, halftoning},
},
@article{ObSerDeser,
 author = {Hericko, Marjan and Juric, Matjaz B. and Rozman, Ivan and Beloglavec, Simon and Zivkovic, Ales},
 title = {Object Serialization Analysis and Comparison in Java and .NET},
 journal = {SIGPLAN Not.},
 issue_date = {August 2003},
 volume = {38},
 number = {8},
 month = aug,
 year = {2003},
 issn = {0362-1340},
 pages = {44--54},
 numpages = {11},
 url = {http://doi.acm.org/10.1145/944579.944589},
 doi = {10.1145/944579.944589},
 acmid = {944589},
 publisher = {ACM},
 address = {New York, NY, USA},
 keywords = {.NET, Binary, Java, Serialization, XML},
},
@misc{yadav2016system,
  title={System and method for serializing and deserializing data objects into a single binary stream},
  author={Yadav, S.},
  url={https://www.google.com/patents/US9350595},
  year={2016},
  month=may # "~24",
  publisher={Google Patents},
  note={US Patent 9,350,595}
},
@article{app,
 ISSN = {00361399},
 URL = {http://www.jstor.org/stable/2099572},
 author = {R. L. Graham},
 journal = {SIAM Journal on Applied Mathematics},
 number = {2},
 pages = {416-429},
 publisher = {Society for Industrial and Applied Mathematics},
 title = {Bounds on Multiprocessing Timing Anomalies},
 volume = {17},
 year = {1969}
},
@article{mpiMech,
 author = {Jeff Squyres},
 journal = {ClusterWorld-Redefining High Performance Computing },
 number = {2},
 pages = {8-11},
 publisher = {Society for Industrial and Applied Mathematics},
 title = {MPI Mechanic},
 volume = {2},
 year = {2014}
},
@INPROCEEDINGS{mpirel, 
author={T. Hoefler and A. Lumsdaine}, 
booktitle={2008 IEEE International Conference on Cluster Computing}, 
title={Message progression in parallel computing - to thread or not to thread?}, 
year={2008}, 
pages={213-222}, 
keywords={parallel processing;scheduling;CPU cores;communication offloads;high-performance networks;message progression schemes;operating system;parallel applications;parallel computing;real-time scheduling;work-based benchmark schemes;Communication standards;Hardware;Intelligent networks;Libraries;Middleware;Operating systems;Parallel processing;Protocols;Testing;Yarn}, 
doi={10.1109/CLUSTR.2008.4663774}, 
ISSN={1552-5244}, 
month={Sept},
}, 
@INPROCEEDINGS{mpiMsgForm, 
author={H. Kamal and B. Penoff and A. Wagner}, 
booktitle={Supercomputing, 2005. Proceedings of the ACM/IEEE SC 2005 Conference}, 
title={SCTP versus TCP for MPI}, 
year={2005}, 
pages={30-30}, 
keywords={Communication system control;Computer networks;Computer science;Delay;Distributed computing;Message passing;Middleware;TCPIP;Transport protocols;Wide area networks}, 
doi={10.1109/SC.2005.63}, 
month={Nov},
}, 
@TECHREPORT {msmpiWinSoc,
    author      = "Charlie Russel",
    title       = "Using Microsoft Message Passing Interface",
    institution = "Microsoft",
    year        = "2005",
    type        = "White Paper",
    month       = "nov"
},
@INPROCEEDINGS{SDP, 
author={D. Goldenberg and T. Dar and G. Shainer}, 
booktitle={2006 IEEE International Conference on Cluster Computing}, 
title={Architecture and Implementation of Sockets Direct Protocol in Windows}, 
year={2006}, 
pages={1-9}, 
keywords={operating systems (computers);protocols;InfiniBand;Windows operating system;byte stream protocol;sockets direct protocol;Application software;Bandwidth;Certification;Engines;Fabrics;Linux;Operating systems;Performance gain;Sockets;Transport protocols}, 
doi={10.1109/CLUSTR.2006.311918}, 
ISSN={1552-5244}, 
month={Sept},},
@misc{mpivssock, title={Sockets vs. MPI}, 
url={http://blogs.cisco.com/performance/sockets_vs__mpi}, 
journal={blogs@Cisco - Cisco Blogs}, author={Squyres, Jeff}}


 





 



 
