@article{KRUTH1998525,
title = "Progress in Additive Manufacturing and Rapid Prototyping",
journal = "CIRP Annals - Manufacturing Technology",
volume = "47",
number = "2",
pages = "525 - 540",
year = "1998",
note = "",
issn = "0007-8506",
doi = "http://dx.doi.org/10.1016/S0007-8506(07)63240-5",
url = "http://www.sciencedirect.com/science/article/pii/S0007850607632405",
author = "J.-P. Kruth and M.C. Leu and T. Nakagawa",
keywords = "rapid prototyping and manufacturing",
keywords = "additive manufacturing processes"
}